@article{sample,
  author        = {{Sample}, Author B. and {LastName}, Copy D. and {Author}, East F.},
  title         = {{Title of Paper here}},
  journal       = {Journal of Physics},
  keywords      = {Keyword1, Keyword2, Keyword3},
  year          = 2021,
  month         = jul,
  volume        = {47},
  number        = {12},
  eid           = {122001},
  pages         = {122001}}

